<?xml version="1.0" encoding="UTF-8"?><collection xmlns="http://www.loc.gov/MARC21/slim"><record><leader>00397nam--2200121-i-4500</leader><controlfield tag="001">000013777</controlfield><controlfield tag="002">20161230</controlfield><controlfield tag="005">20161230201030</controlfield><controlfield tag="008">060222s1000------------r-----000-0-eng-d</controlfield><datafield ind1=" " ind2=" " tag="245"><subfield code="a">Effect of temperature on the extraction of ura nium (vi) from nitric acid by tri-n-butyl.phos phate</subfield></datafield><datafield ind1=" " ind2=" " tag="260"><subfield code="a">Bombay, Bhabha Atomic Research Centre, 1978. 21 P. +8 Fig</subfield></datafield><datafield ind1=" " ind2=" " tag="700"><subfield code="a">Bagaede, S.V. /S.A.</subfield></datafield><datafield ind1=" " ind2=" " tag="852"><subfield code="a">27199</subfield></datafield></record></collection>